<?xml version="1.0" encoding="UTF-8"?><record xmlns="http://www.loc.gov/MARC21/slim" xmlns:cinclude="http://apache.org/cocoon/include/1.0" xmlns:zs="http://www.loc.gov/zing/srw/">
  <leader>01337cz  a2200181n  4500</leader>
  <controlfield tag="001">no 94034530 </controlfield>
  <controlfield tag="003">DLC</controlfield>
  <controlfield tag="005">20120810085208.0</controlfield>
  <controlfield tag="008">940930n| acannaab           |a ana     c</controlfield>
  <datafield tag="010" ind1=" " ind2=" ">
    <subfield code="a">no 94034530 </subfield>
  </datafield>
  <datafield tag="035" ind1=" " ind2=" ">
    <subfield code="a">(OCoLC)oca03692027</subfield>
  </datafield>
  <datafield tag="040" ind1=" " ind2=" ">
    <subfield code="a">DGPO</subfield>
    <subfield code="b">eng</subfield>
    <subfield code="c">DGPO</subfield>
    <subfield code="d">DLC</subfield>
  </datafield>
  <datafield tag="111" ind1="2" ind2=" ">
    <subfield code="a">International Workshop on Squeezed States and Uncertainty Relations</subfield>
  </datafield>
  <datafield tag="411" ind1="2" ind2=" ">
    <subfield code="a">Workshop on Squeezed States and Uncertainty Relations, International</subfield>
  </datafield>
  <datafield tag="511" ind1="2" ind2=" ">
    <subfield code="w">a</subfield>
    <subfield code="a">Workshop on Squeezed States and Uncertainty Relations</subfield>
    <subfield code="d">(1991 :</subfield>
    <subfield code="c">College Park, Md.)</subfield>
  </datafield>
  <datafield tag="667" ind1=" " ind2=" ">
    <subfield code="a">THIS 1XX FIELD CANNOT BE USED UNDER RDA UNTIL THIS RECORD HAS BEEN REVIEWED AND/OR UPDATED</subfield>
  </datafield>
  <datafield tag="670" ind1=" " ind2=" ">
    <subfield code="a">Its (2nd : 1992 : Moscow, Russia). Second International Workshop on Squeezed States and Uncertainty Relations [MI] 1993:</subfield>
    <subfield code="b">t.p. (held at the Lebedev Physics Institute, Moscow, Russia, May 25-29, 1992)</subfield>
  </datafield>
  <datafield tag="670" ind1=" " ind2=" ">
    <subfield code="a">Goddard Technical Report Server, accessed 10/8/1998</subfield>
    <subfield code="b">(Fourth International Workshop on Squeezed States and Uncertainty Relations, conference publication; held at Shanxi University, Taiyuan, Shanxi, China, June 5-8, 1995; first meeting of this series was called the Workshop on Squeezed States and Uncertainty Relations, and was held in 1991 at College Park, Md.; the 2nd and 3rd meetings were hosted in 1992 by the Lebedev Institute in Moscow, and in 1993 by the Univ. of Md.)</subfield>
  </datafield>
</record>